<?xml version="1.0" encoding="UTF-8"?><collection xmlns="http://www.loc.gov/MARC21/slim"><record><leader>00464nam--2200133-i-4500</leader><controlfield tag="001">000049513</controlfield><controlfield tag="002">20161230</controlfield><controlfield tag="005">20161230201047</controlfield><controlfield tag="008">060222s1000------------r-----000-0-eng-d</controlfield><datafield ind1=" " ind2=" " tag="100"><subfield code="a">Procopiu, St</subfield></datafield><datafield ind1=" " ind2=" " tag="245"><subfield code="a">Les discontinuites d`aimantation produites par la variation du magnetisme circulaire d`une substance ferromagnetique</subfield></datafield><datafield ind1=" " ind2=" " tag="260"><subfield code="a">Iasi, 1937</subfield></datafield><datafield ind1=" " ind2=" " tag="490"><subfield code="a">Annales Scientifiques De L`Universite De Jassy. Extrait Du Tome Xxiii, Annee 1937, Fise2</subfield></datafield><datafield ind1=" " ind2=" " tag="852"><subfield code="a">3596</subfield></datafield></record></collection>